<?xml version="1.0" encoding="UTF-8"?><collection xmlns="http://www.loc.gov/MARC21/slim"><record><leader>00603nam--2200193-i-4500</leader><controlfield tag="001">000031253</controlfield><controlfield tag="002">20161230</controlfield><controlfield tag="005">20161230201038</controlfield><controlfield tag="008">060222s1000------------r-----000-0-eng-d</controlfield><datafield ind1=" " ind2=" " tag="040"><subfield code="a">IFIN-HH</subfield></datafield><datafield ind1=" " ind2=" " tag="080"><subfield code="a">535.247</subfield></datafield><datafield ind1="1" ind2=" " tag="100"><subfield code="a">Mcglynn, S.P./S.A.</subfield></datafield><datafield ind1="1" ind2="0" tag="245"><subfield code="a">Photophysics and photochemistry in the vacuum ultraviolet</subfield><subfield code="c">S.p. maglynn, g.l. findley, r.h. huebner (eds.)</subfield></datafield><datafield ind1=" " ind2=" " tag="260"><subfield code="a">Dordrecht</subfield><subfield code="b">D.Reidel Publishing Company</subfield><subfield code="c">1985</subfield></datafield><datafield ind1=" " ind2=" " tag="300"><subfield code="a">XVI + 959P</subfield></datafield><datafield ind1=" " ind2=" " tag="490"><subfield code="a">Nato Advanced Science Institutes Series C, 142</subfield></datafield><datafield ind1="1" ind2=" " tag="700"><subfield code="a">Huebner, R.H</subfield><subfield code="e">Ed</subfield></datafield><datafield ind1=" " ind2=" " tag="852"><subfield code="a">42548</subfield><subfield code="c">53</subfield></datafield><datafield ind1=" " ind2=" " tag="CAT"><subfield code="a">Sys</subfield><subfield code="c">20150323</subfield><subfield code="h">151108</subfield></datafield></record></collection>